@online{FunktionAdblock,
 author = {Adblock Plus},
 title = {FAQ - Funktionsweise von Adblock Plus},
 url = {https://adblockplus.org/de/faq_internal},
 urldate = {2014-11-14},
 organization = {Adblock Plus}
}

@online{FunktionProxy,
 author = {rattomago},
 title = {Werbeblocker - Adblocker Technologien},
 urldate = {2014-11-14},
 url = {http://rattomago.wordpress.com/2010/08/19/werbeblocker-adblocker-technologien/ 
 },
 organization = {Rattomago}
}

@online{StudieAdblock,
 author = {PageFair and Adobe},
 year = {2014},
 title = {Adblocking goes mainstream},
 url = {http://downloads.pagefair.com/reports/adblocking_goes_mainstream_2014_report.pdf},
 urldate = {2014-11-14},
}

@online{Whitelisting,
 author = {Adblock Plus},
 title = {Akzeptable Werbung in Adblock Plus zulassen},
 url = {https://adblockplus.org/de/acceptable-ads
 },
 urldate = {2014-11-20},
 organization = {Adblock Plus}
}

@online{Manifesto,
	author = {Acceptable Ads Collaborators},
	title = {Acceptable Ads Manifesto},
	url = {https://acceptableads.org/de/},
	urldate = {2014-11-20},
	organization = {Adblock Plus}
}

@online{WhitelistVereinbarungen,
	author = {Adblock Plus},
	title = {Akzeptable Werbung in Adblock Plus freischalten - Vereinbarungen},
	url = {https://adblockplus.org/de/acceptable-ads-agreements},
	urldate = {2014-11-20},
	organization = {Adblock Plus}
}


